@article{imgKrista,
   author={Larisza, Krista and S. McIntosh},
   title={The Standardisation and Sequencing of Solar Eclipse Images for the Eclipse
    Megamovie Project},
 }
