%George 12
@article{imgKrista,
   author={Larisza, Krista and S. McIntosh},
   title={The Standardisation and Sequencing of Solar Eclipse Images for the Eclipse
    Megamovie Project},
}

%George 1
@misc{OCV,
  title = {OpenCV},
  howpublished = {\url{opencv.org}},
  note = {Accessed: 2016-12-13}
}

%George 2
@misc{VXL,
  title = {VXL Homepage},
  howpublished = {\url{vxl.sourceforge.net}},
  note = {Accessed: 2016-12-13}
}

%George 3
@misc{SCV,
  title = {SimpleCV},
  howpublished = {\url{simplecv.org}},
  note = {Accessed: 2016-12-13}
}

%George 4
@misc{stkovrflw,
  title = {Stack Overflow},
  howpublished = {\url{stackoverflow.com/tags/opencv}},
  note = {Accessed: 2016-12-13}
}

%George 5
@misc{docker,
  title = {What is Docker},
  howpublished = {\url{www.docker.com/what-docker}},
  note = {Accessed: 2016-12-13}
}

%George 6
@misc{gcp,
  title = {What is Docker},
  howpublished = {\url{cloud.google.com}},
  note = {Accessed: 2016-12-13}
}

%George 7
@misc{houghocv,
  title = {Hough Circle Transform},
  howpublished = {\url{docs.opencv.org/2.4/doc/tutorials/imgproc/imgtrans/hough_circle/hough_circle.html}},
  note = {Accessed: 2016-13-13}
}

%George 8
@misc{hough,
  title = {The Hough Transform},
  howpublished = {\url{homepages.inf.ed.ac.uk/rbf/CVonline/LOCAL_COPIES/OWENS/LECT6/node3.html}},
  note = {Accessed: 2016-13-13}
}

%George 9
@misc{blobarticle,
  title = {Blob Detection Using OpenCV (Python, C++)},
  author = {S. Mallick},
  howpublished = {\url{www.learnopencv.com/blob-detection-using-opencv-python-c/}},
  note = {Accessed: 2016-13-13}
}

%George 10
@misc{blobref,
  title = {SimpleBlobDetector Class Reference},
  howpublished = {\url{/docs.opencv.org/trunk/d0/d7a/classcv_1_1SimpleBlobDetector.html}},
  note = {Accessed: 2016-13-13}
}

@article{antsystem,
   author={K. Chattopadhyay et al.},
   title={An Efficient Circle Detection Scheme in Digital Images Using Ant System Algorithm},
}




