
@book{book1,
 	author 		= {Marshall Kirk McKusick, George V. Neville-Neil and Robert N.M. Watson},
 	title		= {The Design and Implementation of the FreeBSD Operating System},
 	edition 	= {2nd},
 	publisher	= {Addison-Wesley},
 	address		= {Upper Saddle River, NJ},
 	year 		= {2015}
}

@book{book2,
 	author 		= {Mark Russinovich, David A. Solomon and Alex Ionescu},
 	title		= {Windows Internals Part 1},
 	edition 	= {6th},
 	publisher	= {Microsoft Press},
 	address		= {Redmond, WA},
 	year 		= {2012}
}

@book{book3,
 	author 		= {D. Kevin McGrath},
 	title		= {Operating Systems Course Pack},
 	edition 	= {1st},
 	publisher	= {Tophat},
 	year 		= {2012}
}
